@misc{sft:libfreenect2,
  author    = {Lingzhu Xiang and Florian Echtler and Christian Kerl and Thiemo Wiedemeyer and Lars and hanyazou and Ryan Gordon and Francisco Facioni and laborer2008 and Rich Wareham and Matthias Goldhoorn and alberth and gaborpapp and Steffen Fuchs and jmtatsch and Joshua Blake and Federico and Henning Jungkurth and Yuan Mingze and vinouz and Dave Coleman and Brendan Burns and Rahul Rawat and Serguei Mokhov and Paul Reynolds and P.E. Viau and Matthieu Fraissinet-Tachet and Ludique and James Billingham and Alistair},
  title     = {libfreenect2: Release 0.2},
  month     = apr,
  year      = 2016,
  publisher = {Zenodo},
  version   = {v0.2},
  doi       = {10.5281/zenodo.50641},
  url       = {https://doi.org/10.5281/zenodo.50641}
}

@article{benbrahimPathwaysClimateneutralShipping2019,
  title = {Pathways to Climate-Neutral Shipping: {{A Danish}} Case Study},
  shorttitle = {Pathways to Climate-Neutral Shipping},
  author = {Ben Brahim, Till and Wiese, Frauke and M{\"u}nster, Marie},
  year = {2019},
  month = dec,
  journal = {Energy},
  volume = {188},
  pages = {116009},
  issn = {03605442},
  urldate = {2023-06-21},
  langid = {english},
  file = {C\:\\Users\\lenovo\\Zotero\\storage\\L4GKYUYE\\Ben Brahim et al. - 2019 - Pathways to climate-neutral shipping A Danish cas.pdf}
}

@book{borshchevBigBookSimulation2013,
  title = {The Big Book of Simulation Modeling: Multimethod Modeling with {{AnyLogic}} 6},
  shorttitle = {The Big Book of Simulation Modeling},
  author = {Borshchev, Andrei},
  year = {2013},
  publisher = {{AnyLogic North America}},
  address = {{S.l.}},
  isbn = {978-0-9895731-7-7},
  langid = {english}
}

@article{dalsorenEnvironmentalImpactsExpected2007,
  title = {Environmental Impacts of the Expected Increase in Sea Transportation, with a Particular Focus on Oil and Gas Scenarios for {{Norway}} and Northwest {{Russia}}},
  author = {Dals{\o}ren, Stig B. and Endresen, {\O}yvind and Isaksen, Ivar S. A. and Gravir, Gjermund and S{\o}rg{\aa}rd, Eirik},
  year = {2007},
  month = jan,
  journal = {Journal of Geophysical Research},
  volume = {112},
  number = {D2},
  pages = {D02310},
  issn = {0148-0227},
  urldate = {2023-07-03},
  langid = {english},
  file = {C\:\\Users\\lenovo\\Zotero\\storage\\8EHJCNN7\\Dalsøren et al. - 2007 - Environmental impacts of the expected increase in .pdf}
}

@article{dongReviewLawPolicy2022,
  title = {A Review of Law and Policy on Decarbonization of Shipping},
  author = {Dong, Junjie and Zeng, Jia and Yang, Yanbin and Wang, Hua},
  year = {2022},
  month = nov,
  journal = {Frontiers in Marine Science},
  volume = {9},
  pages = {1076352},
  issn = {2296-7745},
  urldate = {2023-07-03},
  abstract = {The carbon emission of shipping industry accounts for about 3\% of the global total. With the continuous growth of international trade, the decarbonization and carbon neutralization of shipping industry has become an important direction for future development. New technologies, fuels and operational measures can help reduce the industry's greenhouse gas emissions, but without appropriate laws and policies, it will be difficult to achieve the targets set by the industry. Therefore, this paper reviews the decarbonization laws and policies introduced by International Maritime Organization, the European Union and the national levels. Then, this paper reviews the literature from two aspects: applicability and evaluation of laws and policies, improvement of laws and policies. On this basis, we summarize the challenges of shipping in formulating laws and policies and suggestions for improving them. Among them, the most important problem is the coordination between unilateral regulation and uniform regulation. Finally, this paper proposes the development principles based on shipping decarbonization laws and policies, that is, to comply with the principle of ``common but differentiated responsibilities'', to coordinate the relationship between international trade and international environmental protection, and to guarantee technical assistance to developing countries.},
  file = {C\:\\Users\\lenovo\\Zotero\\storage\\RWZPTD4F\\Dong et al. - 2022 - A review of law and policy on decarbonization of s.pdf}
}

@article{gritsenkoRegulatingGHGEmissions2017,
  title = {Regulating {{GHG Emissions}} from Shipping: {{Local}}, Global, or Polycentric Approach?},
  shorttitle = {Regulating {{GHG Emissions}} from Shipping},
  author = {Gritsenko, Daria},
  year = {2017},
  month = oct,
  journal = {Marine Policy},
  volume = {84},
  pages = {130--133},
  issn = {0308597X},
  urldate = {2023-06-21},
  langid = {english},
  file = {C\:\\Users\\lenovo\\Zotero\\storage\\7UFPRJZY\\Gritsenko - 2017 - Regulating GHG Emissions from shipping Local, glo.pdf}
}

@article{hjorthNavigatingSustainableDevelopment2006,
  title = {Navigating towards Sustainable Development: {{A}} System Dynamics Approach},
  shorttitle = {Navigating towards Sustainable Development},
  author = {Hjorth, Peder and Bagheri, Ali},
  year = {2006},
  month = feb,
  journal = {Futures},
  volume = {38},
  number = {1},
  pages = {74--92},
  issn = {00163287},
  urldate = {2023-06-20},
  langid = {english}
}

@article{huangEmissionFactorsParticulate2018,
  title = {Emission Factors of Particulate and Gaseous Compounds from a Large Cargo Vessel Operated under Real-World Conditions},
  author = {Huang, Cheng and Hu, Qingyao and Wang, Hanyu and Qiao, Liping and Jing, Sheng'ao and Wang, Hongli and Zhou, Min and Zhu, Shuhui and Ma, Yingge and Lou, Shengrong and Li, Li and Tao, Shikang and Li, Yingjie and Lou, Diming},
  year = {2018},
  month = nov,
  journal = {Environmental Pollution},
  volume = {242},
  pages = {667--674},
  issn = {02697491},
  urldate = {2023-07-03},
  langid = {english}
}

@inproceedings{huangSystemDynamicsModeling2017,
  title = {System Dynamics Modeling for Mitigation of Regional Ship Exhaust Emissions: {{A}} Case Study of {{Qingdao}} Port in {{China}}},
  shorttitle = {System Dynamics Modeling for Mitigation of Regional Ship Exhaust Emissions},
  booktitle = {Civil {{Engineering}} and {{Urban Planning}}},
  author = {Huang, L and Geng, X Q and Wen, Y Q and Zhou, C H and Xiao, C S},
  year = {2017},
  month = aug,
  pages = {1006--1020},
  publisher = {{WORLD SCIENTIFIC}},
  address = {{Xi'an, China}},
  urldate = {2023-06-20},
  isbn = {978-981-322-522-0 978-981-322-523-7},
  langid = {english}
}

@book{ipccGlobalWarmingIPCC2022,
  title = {Global {{Warming}} of 1.5\textdegree{{C}}: {{IPCC Special Report}} on {{Impacts}} of {{Global Warming}} of 1.5\textdegree{{C}} above {{Pre-industrial Levels}} in {{Context}} of {{Strengthening Response}} to {{Climate Change}}, {{Sustainable Development}}, and {{Efforts}} to {{Eradicate Poverty}}},
  shorttitle = {Global {{Warming}} of 1.5\textdegree{{C}}},
  author = {{IPCC}},
  year = {2022},
  month = jun,
  edition = {1},
  publisher = {{Cambridge University Press}},
  urldate = {2023-07-03},
  abstract = {The Intergovernmental Panel on Climate Change (IPCC) is the leading international body for assessing the science related to climate change. It provides regular assessments of the scientific basis of climate change, its impacts and future risks, and options for adaptation and mitigation. This IPCC Special Report is a comprehensive assessment of our understanding of global warming of 1.5\textdegree C, future climate change, potential impacts and associated risks, emission pathways, and system transitions consistent with 1.5\textdegree C global warming, and strengthening the global response to climate change in the context of sustainable development and efforts to eradicate poverty. It serves policymakers, decision makers, stakeholders and all interested parties with unbiased, up-to-date, policy-relevant information. This title is also available as Open Access on Cambridge Core.},
  isbn = {978-1-00-915794-0 978-1-00-915795-7},
  file = {C\:\\Users\\lenovo\\Zotero\\storage\\EM2YLRUC\\Ipcc - 2022 - Global Warming of 1.5°C IPCC Special Report on Im.pdf}
}

@article{jingCO2EmissionProjection2021,
  title = {{{CO2}} Emission Projection for {{Arctic}} Shipping: {{A}} System Dynamics Approach},
  shorttitle = {{{CO2}} Emission Projection for {{Arctic}} Shipping},
  author = {Jing, Danyue and Dai, Lei and Hu, Hao and Ding, Wenyi and Wang, Yubing and Zhou, Xiaoxuan},
  year = {2021},
  month = may,
  journal = {Ocean \& Coastal Management},
  volume = {205},
  pages = {105531},
  issn = {09645691},
  urldate = {2023-05-30},
  langid = {english}
}

@article{johanssonGlobalAssessmentShipping2017,
  title = {Global Assessment of Shipping Emissions in 2015 on a High Spatial and Temporal Resolution},
  author = {Johansson, Lasse and Jalkanen, Jukka-Pekka and Kukkonen, Jaakko},
  year = {2017},
  month = oct,
  journal = {Atmospheric Environment},
  volume = {167},
  pages = {403--415},
  issn = {13522310},
  urldate = {2023-07-03},
  langid = {english},
  file = {C\:\\Users\\lenovo\\Zotero\\storage\\ESLJPTIZ\\Johansson et al. - 2017 - Global assessment of shipping emissions in 2015 on.pdf}
}

@article{liuCO2EmissionsUrban2020,
  title = {{{CO2}} Emissions from Urban Buildings at the City Scale: {{System}} Dynamic Projections and Potential Mitigation Policies},
  shorttitle = {{{CO2}} Emissions from Urban Buildings at the City Scale},
  author = {Liu, Pei and Lin, Borong and Zhou, Hao and Wu, Xiaoying and Little, John C.},
  year = {2020},
  month = nov,
  journal = {Applied Energy},
  volume = {277},
  pages = {115546},
  issn = {03062619},
  urldate = {2023-05-30},
  langid = {english}
}

@article{liuSystemDynamicsModel2019,
  title = {A System Dynamics Model for Emissions Projection of Hinterland Transportation},
  author = {Liu, Pei and Liu, Chao and Du, Jianbang and Mu, Dong},
  year = {2019},
  month = may,
  journal = {Journal of Cleaner Production},
  volume = {218},
  pages = {591--600},
  issn = {09596526},
  urldate = {2023-06-20},
  langid = {english}
}

@book{MaritimeandPortAuthorityofSingapore|DecarbonisationBlueprint2022,
  title = {Decarbonisation {{Blueprint}} 2022},
  author = {{Maritime and Port Authority of Singapore}},
  year = {2022},
  isbn = {978-981-18405-8-6},
  file = {C\:\\Users\\lenovo\\Zotero\\storage\\W25H2HPM\\Maritime Singapore Decarbonisation Blueprint.pdf}
}

@article{mepc2011amendments,
  title = {Amendments to the {{Annex}} of the {{Protocol}} of 1997 to {{Amend}} the {{International Convention}} for the {{Prevention}} of {{Pollution From Ships}}, 1973, as {{Modified}} by the {{Protocol}} of 1978 {{Relating Thereto}}},
  author = {MEPC, {\relax RESOLUTION}},
  year = {2011},
  journal = {Amendments to MARPOL Annex VI. MEPC},
  volume = {70},
  pages = {18}
}

@article{qiBilevelOptimizationModel2021,
  title = {Bi-Level Optimization Model Applications in Managing Air Emissions from Ships: {{A}} Review},
  shorttitle = {Bi-Level Optimization Model Applications in Managing Air Emissions from Ships},
  author = {Qi, Jingwen and Wang, Shuaian and Psaraftis, Harilaos},
  year = {2021},
  month = dec,
  journal = {Communications in Transportation Research},
  volume = {1},
  pages = {100020},
  issn = {27724247},
  urldate = {2023-07-03},
  langid = {english},
  file = {C\:\\Users\\lenovo\\Zotero\\storage\\RNGKFF6C\\Qi et al. - 2021 - Bi-level optimization model applications in managi.pdf}
}

@article{rusliProtectingVitalSea2012,
  title = {Protecting Vital Sea Lines of Communication: {{A}} Study of the Proposed Designation of the {{Straits}} of {{Malacca}} and {{Singapore}} as a Particularly Sensitive Sea Area},
  shorttitle = {Protecting Vital Sea Lines of Communication},
  author = {Rusli, Mohd Hazmi Bin Mohd},
  year = {2012},
  month = mar,
  journal = {Ocean \& Coastal Management},
  volume = {57},
  pages = {79--94},
  issn = {09645691},
  urldate = {2023-07-03},
  langid = {english}
}

@book{solomonClimateChange20072007,
  title = {Climate Change 2007: The Physical Science Basis: Contribution of {{Working Group I}} to the {{Fourth Assessment Report}} of the {{Intergovernmental Panel}} on {{Climate Change}}},
  shorttitle = {Climate Change 2007},
  editor = {Solomon, Susan and {Intergovernmental Panel on Climate Change} and {Intergovernmental Panel on Climate Change}},
  year = {2007},
  publisher = {{Cambridge University Press}},
  address = {{Cambridge ; New York}},
  isbn = {978-0-521-88009-1 978-0-521-70596-7},
  lccn = {QC981.8.C5 C511345 2007},
  keywords = {Climatic changes,Environmental aspects,Government policy,Greenhouse gas mitigation,Greenhouse gases,International cooperation},
  annotation = {OCLC: ocn132298563}
}

@book{stermanBusinessDynamicsSystems2009,
  title = {Business Dynamics: Systems Thinking and Modeling for a Complex World},
  shorttitle = {Business Dynamics},
  author = {Sterman, John D.},
  year = {2009},
  edition = {Nachdr.},
  publisher = {{Irwin/McGraw-Hill}},
  address = {{Boston}},
  isbn = {978-0-07-231135-8 978-0-07-238915-9},
  langid = {english}
}

@book{tan1998competitiveness,
  title = {Competitiveness of the Singapore Economy: {{A}} Strategic Perspective},
  author = {Tan, K.Y. and Toh, M.H.},
  year = {1998},
  publisher = {{World Scientific Publishing Company}},
  isbn = {978-981-4495-95-0}
}

@book{unctadREVIEWMARITIMETRANSPORT2021,
  title = {{{REVIEW OF MARITIME TRANSPORT}} 2020},
  author = {{UNCTAD}},
  year = {2021},
  publisher = {{UNITED NATIONS}},
  address = {{S.l.}},
  isbn = {978-92-1-112993-9},
  langid = {english},
  annotation = {OCLC: 1231956368}
}
% LINE 700 DAPUS BARU

@techreport{World2024GDP,
	note = {[Online; accessed 2024-05-09]},
	address = {Washington, United States},
	author = {{World Bank Group Archives}},
	year = {2024},
	institution = {The World Bank},
	title = {GDP per unit of energy use (constant 2017 {PPP} \textdollar{} per kg of oil equivalent)},
}


@misc{Syofiadi2024Sepanjang,
	author = {Syofiadi, Rifky},
	year = {2024},
	month = {jan 26},
	title = {Sepanjang 2023, {Pemerintah} {Melalui} {PMN} {Terangi} 76.900 {Desa} {Kelurahan} di {Seluruh} {Indonesia} dengan {Listrik} {PLN} - {PT} {PLN} ({Persero})},
	howpublished = {https://web.pln.co.id/cms/media/siaran-pers/2024/01/sepanjang-2023-pemerintah-melalui-pmn-terangi-76-900-desa-kelurahan-di-seluruh-indonesia-dengan-listrik-pln/},
}


@article{Burke2018Impact,
	author = {Burke, Paul J. and Stern, David I. and Bruns, Stephan B.},
	journal = {International Review of Environmental and Resource Economics},
	number = {1},
	year = {2018},
	month = {nov 6},
	pages = {85--127},
	publisher = {Now Publishers},
	title = {The {Impact} of {Electricity} on {Economic} {Development}: A {Macroeconomic} {Perspective}},
	volume = {12},
}


@techreport{IEA2024World,
	note = {[Online; accessed 2024-05-04]},
	address = {Paris},
	author = {{IEA}},
	year = {2024},
	institution = {International Energy Agency},
	title = {World {Energy} {Statistics} and {Balances}},
}


@misc{Jack2024How,
	author = {Jack, Kelsey},
	year = {2024},
	month = {mar 16},
	title = {How much do we know about the development impacts of energy infrastructure?},
	howpublished = {https://blogs.worldbank.org/en/energy/how-much-do-we-know-about-development-impacts-energy-infrastructure},
}


@article{Acheampong2021Does,
	author = {Acheampong, Alex O. and Erdiaw-Kwasie, Michael Odei and Abunyewah, Matthew},
	journal = {Energy Economics},
	year = {2021},
	month = {4},
	pages = {105165},
	publisher = {Elsevier BV},
	title = {Does energy accessibility improve human development? {Evidence} from energy-poor regions},
	volume = {96},
}

@article{bangun_SPBU, author={Kontan}, title={Pemerintah Akan Bangun 100 SPBU BBM Satu Harga Tahun 2024}, url={https://industri.kontan.co.id/news/pemerintah-akan-bangun-100-spbu-bbm-satu-harga-tahun-2024}, journal={Kontan.co.id}, publisher={Kontan.co.id}, year={2024}}

@article{RRI_2024, Author={RRI}, title={Cuaca Buruk, Penyebab Penyaluran BBM Terhambat di Maluku Barat Daya}, url={https://www.rri.co.id/daerah/576303/cuaca-buruk-penyebab-penyaluran-bbm-terhambat-di-maluku-barat-daya}, journal={Radio Republik Indonesia}, publisher={LPP RRI}, year={2024}, month={Mar} }

% Literatur Review

@book{Karimah2016Optimalisasi,
	address = {Surabaya, Indonesia},
	author = {Karimah, Irfa'atil},
	year = {2016},
	publisher = {Institut Teknologi Sepuluh Nopember},
	title = {Optimalisasi {Penguasaan} {Armada} {Tanker} {Distribusi} {Bbm} {Pelayaran} {Domestik}: Studi {Kasus} {Wilayah} {VII}},
}


@book{Alhamda2016Optimalisasi,
	address = {Surabaya, Indonesia},
	author = {Alhamda, Putra},
	year = {2016},
	publisher = {Institut Teknologi Sepuluh Nopember},
	title = {Optimalisasi {Sistem} {Pengiriman} {Products} {Oil} {Untuk} {Wilayah} {Kepulauan}: Sudi {Kasus} {Nusa} {Tenggara} {Barat}},
}


@book{Hidni2016Model,
	address = {Surabaya, Indonesia},
	author = {Hidni, Nabila},
	year = {2016},
	publisher = {Institut Teknologi Sepuluh Nopember},
	title = {Model {Keputusan} {Perencanaan} {Armada} {Tanker} {Cadangan} {Distribusi} {Bahan} {Bakar} {Minyak} {Pelayaran} {Domestik}: Studi {Kasus} {Wilayah} {Pemasaran} {VII}},
}


@article{Pratiwi2013Internalisasi,
	author = {Pratiwi, Ni Putu Intan and Hadi, Firmanto},
	journal = {Jurnal Teknik ITS},
	number = {1},
	year = {2013},
	title = {Internalisasi {Biaya} {Eksternal} {Pada} {Angkutan} {Laut} {BBM} {Domestik}},
	howpublished = {https://www.neliti.com/publications/149716/internalisasi-biaya-eksternal-pada-angkutan-laut-bbm-domestik#cite},
	volume = {2},
}
@book{Levander_2003, address={Athens}, title={INNOVATIVE SHIP DESIGN-—can innovative ships be designed in a methodological way}, publisher={International Marine Design Conference}, author={Levander, Kai}, year={2003}, month=may }

@article{Muqri_2020, title={Carlo Simulations}, url={https://doi.org/10.18260/1-2--34263}, DOI={10.18260/1-2--34263}, journal={2020 ASEE Virtual Annual Conference Content Access Proceedings}, author={Muqri, Mohammad}, year={2020}, month=sep }

@book{Papanikolaou_2014, title={Ship Design: Methodologies of Preliminary Design},publisher={Springer}, url={http://ci.nii.ac.jp/ncid/BB1814174X}, author={Papanikolaou, Apostolos}, year={2014}, month=sep }

@book{Taggart_1980, title={Ship design and construction}, url={http://ci.nii.ac.jp/ncid/BA13040282}, publisher={SNAME}, journal={Society of Naval Architects and Marine Engineers eBooks}, author={Taggart, Robert}, year={1980}, month=jan }

@misc{Rendyk_2021, title={How to Perform Monte Carlo Simulation?}, url={https://www.analyticsvidhya.com/blog/2021/04/how-to-perform-monte-carlo-simulation/}, journal={Analytics Vidhya}, author={Rendyk}, year={2021}, month=apr }

@misc{Matt_Macarty_2013, type={Video}, title={Basic Monte Carlo Simulation of a Stock Portfolio in Excel}, url={https://www.youtube.com/watch?v=Q5Fw2IRMjPQ}, journal={YouTube}, author={Matt Macarty}, year={2013}, month=feb }

@inbook{Hsu_Robinson_2017, title={Gasoline Production and Blending}, url={https://doi.org/10.1007/978-3-319-49347-3_17}, DOI={10.1007/978-3-319-49347-3_17}, booktitle={Springer handbooks}, publisher={Springer}, author={Hsu, Chang Samuel and Robinson, Paul R.}, year={2017}, month=jan, pages={551–587} } 

@article{Lam_Smith_Gauthier_Bates_2012, title={Kerosene: A Review of Household Uses and their Hazards in Low- and Middle-Income Countries}, volume={15}, url={https://doi.org/10.1080/10937404.2012.710134}, DOI={10.1080/10937404.2012.710134}, number={6}, journal={Journal of Toxicology and Environmental Health. Part B, Critical Reviews}, author={Lam, Nicholas L. and Smith, Kirk R. and Gauthier, Alison and Bates, Michael N.}, year={2012}, month=aug, pages={396–432} } 

@article{Rifa’i_2020, title={LPG – CNG - Biofuel for Land Transportation Fuel in Indonesia: Overview, Opportunities, and Challenges}, volume={8}, url={https://doi.org/10.30534/ijeter/2020/142872020}, DOI={10.30534/ijeter/2020/142872020}, number={7}, journal={International Journal of Emerging Trends in Engineering Research}, author={Rifa’i, Affan}, year={2020}, month=jul, pages={3784–3790} }

@article{Soraya_Afiatno_2021, title={ANALYSIS OF FACTORS AFFECTING THE DEMAND FOR KEROSENE IN URBAN HOUSEHOLDS IN INDONESIA}, volume={5}, url={http://jurnal.stie-aas.ac.id/index.php/IJEBAR/article/view/3631}, DOI={10.29040/ijebar.v5i4.3631}, number={4}, journal={International Journal of Economics, Business and Accounting Research (IJEBAR)}, author={Soraya, Neila and Afiatno, Bambang Eko}, year={2021}, month=oct }

@article{Kurniati_2024, title={Antrean Panjang Warga Maluku Barat Daya demi Dapatkan BBM}, url={https://regional.kompas.com/read/2024/02/29/062316578/antrean-panjang-warga-maluku-barat-daya-demi-dapatkan-bbm}, journal={KOMPAS.com}, author={Kurniati, Pythag}, year={2024}, month=feb }

@misc{MyPertamina,
  title = {Bahaya Bensin Eceran Bagi Mesin Kendaraan},
  publisher = {MyPertamina},
  url = {https://mypertamina.id/bahaya-bensin-eceran-bagi-mesin-kendaraan},
  author = {MyPertamina}
}

@misc{Trisyuliono_2021,
  title = {Penasaran Pengendara Disarankan Turun dari Motor Saat Isi Bensin, Begini Penjelasan Pertamina},
  url = {https://www.gridoto.com/read/222955168/penasaran-pengendara-disarankan-turun-dari-motor-saat-isi-bensin-begini-penjelasan-pertamina},
  journal = {GridOto.com},
  publisher = {GridOto.com},
  author = {Trisyuliono, Muslimin},
  year = {2021},
  month = {oct}
}

@article{Radiodms_2021, title={Kelangkaan Minyak Tanah Berlanjut Dalam Kota Masohi - Radio DMS Ambon}, url={https://radiodms.com/kelangkaan-minyak-tanah-berlanjut-dalam-kota-masohi/}, journal={Radio DMS Ambon}, author={Radiodms}, year={2021}, month=mar }

@article{Jumahudin_2021, title={Elpiji di Banjarmasin Masih Langka, Kasih: Untung Masih Punya Kompor Minyak}, url={https://www.sonora.id/read/422565786/elpiji-di-banjarmasin-masih-langka-kasih-untung-masih-punya-kompor-minyak}, author={Jumahudin}, year={2021}, month=feb, journal={Sonora.id} }

@article{Rizky_2022, title={Konsumen Dibatasi Rp 100 Ribu per Hari Beli Biosolar Bagi yang Belum Daftar MyPertamina}, url={https://tribunpekanbarutravel.tribunnews.com/2022/10/02/konsumen-dibatasi-rp-100-ribu-per-hari-beli-biosolar-bagi-yang-belum-daftar-mypertamina}, journal={TribunPekanbaru Travel}, author={Rizky, Theo}, year={2022}, month=oct }

@misc{Peta_Tematik_Indonesia_2014, title={Administrasi Kabupaten Maluku Barat Daya}, url={https://petatematikindo.wordpress.com/2014/07/19/administrasi-kabupaten-maluku-barat-daya/}, journal={Peta Tematik Indonesia}, author={PTI}, year={2014}, month=jul }

@misc{Pertamina_2021, title={Kuota Dan Realisasi Biosolar Pertamina per Kota Kabupaten Tahun 2021 - Update September 2021 | Pertamina}, url={https://www.pertamina.com/id/Kuota-Dan-Realisasi-Biosolar-Pertamina-per-Kota-Kabupaten-Tahun-2021-Update-september-2021}, journal={Pertamina}, author={Pertamina}, year={2021} }

@book{Lewis_Engineers_1988, title={Principles of Naval Architecture}, url={http://books.google.ie/books?id=bWwZAQAAIAAJ&q=Principles+of+Naval+Architecture:+Volume+II+-+Resistance,+Propulsion+and+Vibration&dq=Principles+of+Naval+Architecture:+Volume+II+-+Resistance,+Propulsion+and+Vibration&hl=&cd=1&source=gbs_api}, publisher={Society of Naval Architects and Marine Engineers}, author={Lewis, Edward V. and Engineers, Society of Naval Architects and Marine}, year={1988}, month=jan }

@article{ILO_1953, title={International Labour Conference, 1952}, volume={27}, url={https://doi.org/10.1086/639108}, DOI={10.1086/639108}, number={1}, journal={the Social Service Review/Social Service Review}, author={ILO}, year={1953}, month=mar, pages={97–99} } 

@book{Organization_1999, title={SOLAS}, url={http://books.google.ie/books?id=tnbCcdvtaGUC&printsec=frontcover&dq=SOLAS&hl=&cd=1&source=gbs_api}, publisher={IMO Publishing}, author={Organization, International Maritime}, year={1999}, month=jan }

@book{Bertram_Schneekluth_1998, title={Ship Design for Efficiency and Economy}, url={http://books.google.ie/books?id=Uq07g98n0TAC&printsec=frontcover&dq=ship+design+efficinecy&hl=&cd=1&source=gbs_api}, publisher={Elsevier}, author={Bertram, Volker and Schneekluth, H.}, year={1998}, month=oct }

@book{Engineers_1980, title={Ship Design and Construction}, url={http://books.google.ie/books?id=820ZAQAAIAAJ&q=Ship+Design+and+Construction&dq=Ship+Design+and+Construction&hl=&cd=1&source=gbs_api}, publisher={Society of Naval Architects & Marine Engineers}, author={Engineers, Society of Naval Architects and Marine}, editor={Taggart, Robert}, year={1980}, month=jan }
@book{Watson_2002, title={Practical Ship Design}, url={http://books.google.ie/books?id=L4W1XZ9Lf8cC&printsec=frontcover&dq=practical+ship+design&hl=&cd=1&source=gbs_api}, publisher={Elsevier}, author={Watson, D.G.M.}, year={2002}, month=feb } 
@book{Organization_2011, title={MARPOL Consolidated Edition 2011}, url={http://books.google.ie/books?id=Ylpts2m7ZaoC&q=MARPOL&dq=MARPOL&hl=&cd=1&source=gbs_api}, publisher={International Maritime Organization}, author={Organization, International Maritime}, year={2011}, month=jan } 
@book{Organization_2009, title={International Code on Intact Stability, 2008}, url={http://books.google.ie/books?id=x9wMm6OxJi0C&q=Intact+Stability&dq=Intact+Stability&hl=&cd=3&source=gbs_api}, author={Organization, International Maritime},publisher={IMO}, year={2009}, month=jan }

@book{Parsons_2001, title={Parametric Design}, publisher={University of Michigan, Departement of Naval Architecture and Marine Engineering}, author={Parsons, Michael G.}, year={2001} }

@book{Organization_1983, title={International Conference on Tonnage Measurement of Ships, 1969}, url={http://books.google.ie/books?id=uGfgAp58gZ4C&printsec=frontcover&dq=International+Convention+on+Tonnage+Measurement+of+Ships&hl=&cd=1&source=gbs_api}, publisher={IMO Publishing}, author={Organization, International Maritime}, year={1983}, month=jan }

@techreport{nordforsk1987assessment,
    title = {Assessment of Ship Performance in a Seaway: The Nordic Co-operative Project: {Seakeeping Performance of Ships}},
    author = {{Nordforsk}},
    year = {1987},
    institution = {Nordforsk},
    address = {Copenhagen},
    type = {Technical Report}
}

@article{olson1978evaluation,
    title = {An Evaluation of the Seakeeping Qualities of Naval Combatants},
    author = {Olson, Stephen R.},
    journal = {Naval Engineers Journal},
    volume = {90},
    number = {1},
    pages = {23--40},
    year = {1978},
    month = feb,
    doi = {10.1111/j.1559-3584.1978.tb04256.x}
}

@book{Djatmiko_2012, address={Surabaya, Jawa Timur, Indonesia}, edition={1}, title={Perilaku dan Operabilitas Bangunan Laut di atas Gelombang Acak}, volume={1}, url={https://www.researchgate.net/publication/335620271_Perilaku_dan_Operabilitas_Bangunan_Laut_di_Atas_Gelombang_Acak}, publisher={ITS Press}, author={Djatmiko, Eko Budi}, year={2012}, month=dec }

@book{Bhattacharyya_1978,
    author = {Bhattacharyya, Rameswar},
    title = {Dynamics of Marine Vehicles},
    publisher = {John Wiley \& Sons},
    year = {1978},
    month = jan
}